<?xml version="1.0" encoding="UTF-8"?>
<record xmlns="http://www.loc.gov/MARC21/slim">
   <leader>01135cam a2200241 i 4500</leader>
   <controlfield tag="001">1245980</controlfield>
   <controlfield tag="003">NjP</controlfield>
   <controlfield tag="005">20170613155221.0</controlfield>
   <controlfield tag="008">780206q18711978le            000 0 arard</controlfield>
   <datafield tag="024" ind1="7" ind2=" ">
      <subfield code="a">princeton_aco003818</subfield>
      <subfield code="2">local</subfield>
   </datafield>
   <datafield ind1=" " ind2=" " tag="035">
      <subfield code="a">(OCoLC)ocm03610375</subfield>
   </datafield>
   <datafield ind1=" " ind2=" " tag="035">
      <subfield code="9">CDN8053TS</subfield>
   </datafield>
   <datafield ind1=" " ind2=" " tag="040">
      <subfield code="a">EYM</subfield>
      <subfield code="c">EYM</subfield>
      <subfield code="d">PUL</subfield>
   </datafield>
   <datafield ind1="2" ind2=" " tag="100">
      <subfield code="a">Abū Shāmah, ʻAbd al-Raḥmān ibn Ismāʻīl,</subfield>
      <subfield code="d">1203-1267.</subfield>
      <subfield code="0">http://id.loc.gov/authorities/names/n80137503</subfield>
   </datafield>
   <datafield ind1="1" ind2="3" tag="245">
      <subfield code="a">al-Rawḍatayn fī akhbār al-dawlatayn /</subfield>
      <subfield code="c">Shihāb al-Dīn abī Muḥammad ʻAbd al-Raḥmān bin Ismāʻīl ibn Ibrāhīm al-Maqdisī al-Shāfiʻī.</subfield>
   </datafield>
   <datafield ind1=" " ind2=" " tag="260">
      <subfield code="a">Bayrūt :</subfield>
      <subfield code="b">Dār al-Jīl,</subfield>
      <subfield code="c">1974?</subfield>
   </datafield>
   <datafield ind1=" " ind2=" " tag="300">
      <subfield code="a">2 v. in 1 ;</subfield>
      <subfield code="c">28 cm.</subfield>
   </datafield>
   <datafield ind1=" " ind2=" " tag="500">
      <subfield code="a">Reprint of the Cairo edition of 1871.</subfield>
   </datafield>
   <datafield ind1=" " ind2=" " tag="500">
      <subfield code="a">In Arabic.</subfield>
   </datafield>
   <datafield ind1=" " ind2="0" tag="650">
      <subfield code="a">Crusades</subfield>
      <subfield code="v">Sources.</subfield>
      <subfield code="0">http://id.loc.gov/authorities/subjects/sh2009120319</subfield>
   </datafield>
   <datafield ind1="0" ind2="0" tag="600">
      <subfield code="a">Nūr al-Dīn,</subfield>
      <subfield code="c">Atabeg of Syria,</subfield>
      <subfield code="d">1118-1174.</subfield>
      <subfield code="0">http://id.loc.gov/authorities/names/n84010710</subfield>
   </datafield>
   <datafield ind1="0" ind2="0" tag="600">
      <subfield code="a">Saladin,</subfield>
      <subfield code="c">Sultan of Egypt and Syria,</subfield>
      <subfield code="d">1137-1193.</subfield>
      <subfield code="0">http://id.loc.gov/authorities/names/n82165288</subfield>
   </datafield>
   <datafield ind1=" " ind2=" " tag="947">
      <subfield code="a">CDN8053</subfield>
   </datafield>
   <datafield ind1=" " ind2=" " tag="911">
      <subfield code="a">20000130</subfield>
   </datafield>
   <datafield ind1="0" ind2="0" tag="852">
      <subfield code="0">1427708</subfield>
      <subfield code="b">rcppa</subfield>
      <subfield code="t">0</subfield>
      <subfield code="h">D152</subfield>
      <subfield code="i">.A2873 1974</subfield>
      <subfield code="x">tr fr nec</subfield>
   </datafield>
   <datafield ind1=" " ind2=" " tag="959">
      <subfield code="a">2000-06-13 00:00:00 -0400</subfield>
   </datafield>
</record>
